@book{calafiore2014optimization,
  title={Optimization models},
  author={Calafiore, Giuseppe C and El Ghaoui, Laurent},
  year={2014},
  publisher={Cambridge university press}
}