@book{calafiore2014optimization,
  title={Optimization models},
  author={Calafiore, Giuseppe C and El Ghaoui, Laurent},
  year={2014},
  publisher={Cambridge university press}
}

@book{protter1988calculus,
  title={Calculus with analytic geometry},
  author={Protter, Murray H and Protter, Philip E},
  year={1988},
  publisher={Jones \& Bartlett Learning}
}